@electronic{ref:titlepage:pvanlage,
    author          = {AleSpa},
    note            = {[Stand: 05. Mai 2016]},
    year            = {2012},
    month           = {Juli},
    title           = {Photovoltaik Dachanlage Hannover - Schwarze Heide - Leistung 1 MW},
    organisation    = {Wikimedia Commons},
    url             = {https://en.wikipedia.org/wiki/File:Photovoltaik_Dachanlage_Hannover_-_Schwarze_Heide_-_1_MW.jpg},
}
@electronic{ref:fhnwlogo,
    note            = {[Stand: 05. Mai 2016]},
    year            = {2012},
    month           = {M\"arz},
    title           = {Wort-Bildmarke (Logo)},
    organisation    = {Fachhochschule Nordwestschweiz, Hochschule f\"ur Technik},
    url             = {http://web.fhnw.ch/cd/corporate-design/logos-fur-die-hochschulen},
}
@electronic{ref:fsk:wikipedia,
    note            = {[Stand: 09. Mai 2016]},
    year            = {2015},
    month           = {Oktober},
    title           = {Frequenzumtastung},
    organisation    = {Wikipedia},
    url             = {https://de.wikipedia.org/wiki/Frequenzumtastung},
}
@electronic{ref:ask:wikipedia,
    note            = {[Stand: 09. Mai 2016]},
    year            = {2015},
    month           = {M\"arz},
    title           = {Amplitudenumtastung},
    organisation    = {Wikipedia},
    url             = {https://de.wikipedia.org/wiki/Amplitudenumtastung},
}
@electronic{ref:ltspice,
    note            = {[Stand: 10. Mai 2016]},
    title           = {Linear Technology - Design Simulation and Device Models},
    organisation    = {Linear Technology},
    url             = {http://www.linear.com/designtools/software/#LTspice},
}
@electronic{ref:solar:scofield,
    note            = {[Stand: 10. Mai 2016]},
    year            = {1994},
    month           = {April},
    title           = {Effects of Series Resistance and Inductance on Solar Cell Admittance Measurements},
    organisation    = {Department of Physics, Oberlin College, Oberlin},
    url             = {http://www.oberlin.edu/physics/Scofield/pdf_files/semsc-95.pdf}
}
@electronic{ref:solar:friesen,
    note            = {[Stand: 10. Mai 2016]},
    year            = {1997},
    title           = {Capacitance effects in high-efficiency cells},
    organisation    = {Elsevier Science B.V},
    url             = {http://ac.els-cdn.com/S092702489700072X/1-s2.0-S092702489700072X-main.pdf?_tid=7c806870-1695-11e6-b7c5-00000aab0f01&acdnat=1462874377_a951b2f16881ddb34bca8914ef598404},
}
@electronic{ref:solar:bonkoungou,
    note            = {[Stand: 10. Mai 2016]},
    year            = {2013},
    month           = {M\"arz},
    title           = {Modelling and Simulation of photovoltaic module considering single-diode equivalent circuit model in MATLAB},
    organisation    = {International Journal of Emerging Technology and Advanced Engineering},
    url             = {http://www.ijetae.com/files/Volume3Issue3/IJETAE_0313_84.pdf},
}
@electronic{ref:solar:px85,
    note            = {[Stand: 11. Mai 2016]},
    title           = {PX85},
    organisation    = {SUNSET Energietechnik GmbH},
    url             = {http://www.produktinfo.conrad.com/datenblaetter/100000-124999/110258-da-01-fr-SOLARMODUL_PX_85.pdf},
}
@electronic{ref:solar:as150,
    note            = {[Stand: 11. Mai 2016]},
    title           = {Solargenerator AS150},
    organisation    = {SUNSET Energietechnik GmbH},
    url             = {http://www.produktinfo.conrad.com/datenblaetter/100000-124999/110429-da-01-de-SOLARMODUL_AS_150.pdf},
}
@electronic{ref:solar:sunmodulePro,
    note            = {[Stand: 11. Mai 2016]},
    title           = {Sunmodule Pro-Series XL SW315-320 Mono},
    organisation    = {solarworld.com},
    url             = {www.solarworld-usa.com/~/media/www/files/datasheets/sunmodule-pro-series/sunmodule-pro-series-solar-panel-xl-mono-ds.pdf},
}
@electronic{ref:solar:diodeCharacteristics,
    note            = {[Stand: 11. Mai 2016]},
    year            = {2009},
    month           = {September},
    title           = {Diode Characteristics},
    author          = {Kenneth A. Kuhn},
    url             = {http://www.kennethkuhn.com/students/ee351/diode_characteristics.pdf},
}
@article{regelungstechnik:schumleon,
    author          = {W. Schumacher and W. Leonhard},
    title           = {Grundlagen der Regelungstechnik},
    organisation    = {Technische Universit\"at Braunschweig},
    year            = {2001},
    note            = {Vorlesungsskript},
},
